<record><leader>00000cas a2200000 a 4500</leader><controlfield tag="001">17795690</controlfield><controlfield tag="008">880415d19881988dcuwr ne      0    0eng c</controlfield><datafield ind1=" " ind2=" " tag="010"><subfield code="a">sn 92057030 </subfield></datafield><datafield ind1=" " ind2=" " tag="040"><subfield code="a">GSU</subfield><subfield code="b">eng</subfield><subfield code="c">GSU</subfield><subfield code="d">MGN</subfield><subfield code="d">NYS</subfield><subfield code="d">CNW</subfield><subfield code="d">NVK</subfield><subfield code="d">NVF</subfield><subfield code="d">DLC</subfield><subfield code="d">CVF</subfield><subfield code="d">OCL</subfield><subfield code="d">DLC</subfield><subfield code="d">CUS</subfield><subfield code="d">INU</subfield><subfield code="d">OCLCQ</subfield><subfield code="d">OCLCA</subfield><subfield code="d">OCLCF</subfield><subfield code="d">OCLCO</subfield></datafield><datafield ind1=" " ind2=" " tag="022"><subfield code="y">0043-0447</subfield></datafield><datafield ind1="1" ind2=" " tag="029"><subfield code="a">AU@</subfield><subfield code="b">000020717966</subfield></datafield><datafield ind1=" " ind2=" " tag="042"><subfield code="a">pcc</subfield></datafield><datafield ind1=" " ind2=" " tag="043"><subfield code="a">n-us-dc</subfield></datafield><datafield ind1="0" ind2="0" tag="050"><subfield code="a">Newspaper</subfield></datafield><datafield ind1="0" ind2=" " tag="130"><subfield code="a">Afro-American (Washington, D.C. : 1988 : Red Star ed.)</subfield></datafield><datafield ind1="1" ind2="4" tag="245"><subfield code="a">The Afro-American.</subfield></datafield><datafield ind1="1" ind2="3" tag="246"><subfield code="a">Washington Afro-American and Washington tribune</subfield></datafield><datafield ind1=" " ind2=" " tag="250"><subfield code="a">Red star ed.</subfield></datafield><datafield ind1=" " ind2=" " tag="260"><subfield code="a">Washington, D.C. :</subfield><subfield code="b">Afro-American Co.,</subfield><subfield code="c">1988.</subfield></datafield><datafield ind1=" " ind2=" " tag="300"><subfield code="a">v.</subfield></datafield><datafield ind1=" " ind2=" " tag="310"><subfield code="a">Weekly</subfield></datafield><datafield ind1="0" ind2=" " tag="362"><subfield code="a">96th year, no. 53 (Feb. 9, 1988)-97th year, no. 6 (Aug. 30, 1988).</subfield></datafield><datafield ind1=" " ind2=" " tag="500"><subfield code="a">Published on Tuesday.</subfield></datafield><datafield ind1=" " ind2=" " tag="515"><subfield code="a">Numbered consecutively with the Blue star ed. (published on Saturday).</subfield></datafield><datafield ind1=" " ind2="0" tag="650"><subfield code="a">African Americans</subfield><subfield code="z">Washington (D.C.)</subfield><subfield code="v">Newspapers.</subfield></datafield><datafield ind1=" " ind2="0" tag="650"><subfield code="a">African Americans</subfield><subfield code="v">Newspapers.</subfield></datafield><datafield ind1=" " ind2="0" tag="651"><subfield code="a">Washington (D.C.)</subfield><subfield code="v">Newspapers.</subfield></datafield><datafield ind1=" " ind2="7" tag="655"><subfield code="a">Newspapers.</subfield><subfield code="2">fast</subfield><subfield code="0">(OCoLC)fst01423814</subfield></datafield><datafield ind1=" " ind2="7" tag="650"><subfield code="a">African Americans.</subfield><subfield code="2">fast</subfield><subfield code="0">(OCoLC)fst00799558</subfield></datafield><datafield ind1=" " ind2="7" tag="651"><subfield code="a">Washington (D.C.)</subfield><subfield code="2">fast</subfield><subfield code="0">(OCoLC)fst01204505</subfield></datafield><datafield ind1=" " ind2=" " tag="752"><subfield code="a">United States</subfield><subfield code="b">District of Columbia</subfield><subfield code="d">Washington.</subfield></datafield><datafield ind1="0" ind2=" " tag="770"><subfield code="t">Dawn magazine</subfield><subfield code="w">(DLC)sn 86025935</subfield><subfield code="w">(OCoLC)4349604</subfield></datafield><datafield ind1="0" ind2=" " tag="775"><subfield code="t">Afro-American (Baltimore, Md. : 1915)</subfield><subfield code="w">(DLC)sn 83045829</subfield><subfield code="w">(OCoLC)7642696</subfield></datafield><datafield ind1="0" ind2=" " tag="775"><subfield code="t">Afro-American (Baltimore, Md. : National ed.)</subfield><subfield code="w">(DLC)sn 85047583</subfield><subfield code="w">(OCoLC)12049092</subfield></datafield><datafield ind1="0" ind2=" " tag="775"><subfield code="t">Richmond Afro-American and Richmond planet (Richmond, Va. : 1941)</subfield><subfield code="x">0893-0805</subfield><subfield code="w">(DLC)sn 84025923</subfield><subfield code="w">(OCoLC)10702414</subfield></datafield><datafield ind1="0" ind2=" " tag="775"><subfield code="t">Washington Afro-American and the Washington tribune (Washington, D.C. : Capital ed.)</subfield><subfield code="x">0276-6523</subfield><subfield code="w">(DLC)sn 92003332</subfield><subfield code="w">(OCoLC)26136335</subfield></datafield><datafield ind1="0" ind2="8" tag="776"><subfield code="i">Online version:</subfield><subfield code="t">Afro-American (Washington, D.C. : 1988 : Red star ed. : Online)</subfield><subfield code="w">(OCoLC)75486399</subfield></datafield><datafield ind1="0" ind2="0" tag="780"><subfield code="t">Washington Afro-American and the Washington tribune (Washington, D.C. : Red Star ed.)</subfield><subfield code="w">(DLC)sn 81003305</subfield><subfield code="w">(OCoLC)7383870</subfield></datafield><datafield ind1="0" ind2="4" tag="785"><subfield code="t">Washington Afro-American and the Washington tribune (Washington, D.C. : Capital ed.)</subfield><subfield code="x">0276-6523</subfield><subfield code="w">(DLC)sn 92003332</subfield><subfield code="w">(OCoLC)26136335</subfield></datafield></record>